<record><leader>00000cas a22000007a 4500</leader><controlfield tag="001">17735876</controlfield><controlfield tag="008">880405d18681869ohumr ne      0    0eng d</controlfield><datafield ind1=" " ind2=" " tag="010"><subfield code="a">sn 88078395 </subfield></datafield><datafield ind1=" " ind2=" " tag="040"><subfield code="a">ONP</subfield><subfield code="b">eng</subfield><subfield code="c">ONP</subfield><subfield code="d">OCLCQ</subfield><subfield code="d">UAB</subfield><subfield code="d">OCLCO</subfield><subfield code="d">OCLCQ</subfield><subfield code="d">OCLCF</subfield></datafield><datafield ind1=" " ind2=" " tag="042"><subfield code="a">msc</subfield></datafield><datafield ind1="0" ind2="0" tag="245"><subfield code="a">Hiram student.</subfield></datafield><datafield ind1=" " ind2=" " tag="260"><subfield code="a">Hiram, O. [Ohio :</subfield><subfield code="b">Hiram College],</subfield><subfield code="c">1868-1869.</subfield></datafield><datafield ind1=" " ind2=" " tag="310"><subfield code="a">Monthly</subfield></datafield><datafield ind1="0" ind2=" " tag="362"><subfield code="a">Vol. 1, no. 1 (June 1868)-v. 1, no. 12 (May 1869).</subfield></datafield><datafield ind1=" " ind2=" " tag="500"><subfield code="a">Published for the students of Hiram College.</subfield></datafield><datafield ind1="2" ind2="0" tag="610"><subfield code="a">Hiram College</subfield><subfield code="v">Periodicals.</subfield></datafield><datafield ind1=" " ind2="7" tag="655"><subfield code="a">Periodicals.</subfield><subfield code="2">fast</subfield><subfield code="0">(OCoLC)fst01411641</subfield></datafield><datafield ind1="2" ind2="7" tag="610"><subfield code="a">Hiram College.</subfield><subfield code="2">fast</subfield><subfield code="0">(OCoLC)fst00629405</subfield></datafield><datafield ind1=" " ind2=" " tag="752"><subfield code="a">United States</subfield><subfield code="b">Ohio</subfield><subfield code="c">Portage</subfield><subfield code="d">Hiram.</subfield></datafield></record>